% Encoding: UTF-8

@Misc{msracn,
  author = {微软亚洲研究院},
  month  = apr,
  title  = {微软亚洲研究院推出新冠数据分析网站{COVID Insights}},
  year   = {2020},
  url    = {https://zhuanlan.zhihu.com/p/136895917},
}

@Misc{msraen,
  author = {MSRA},
  month  = oct,
  title  = {{MSRA launches and updates COVID Insights website for COVID-19 data analysis, builds maturity of three core sections}},
  year   = {2020},
  url    = {https://www.microsoft.com/en-us/research/lab/microsoft-research-asia/articles/msra-launches-and-updates-covid-insights-website-for-covid-19-data-analysis-builds-maturity-of-three-core-sections/},
}

@Comment{jabref-meta: databaseType:bibtex;}
