@Misc{biao,
  author = {表严肃},
  title  = {编程的套路 --- JavaScript 设计模式},
  year   = {2019},
  url    = {https://biaoyansu.com/29},
}
